% Tipos de Prueba
@book{codigo_de_libro,
	title={\href{https://google.com}{título de Libro}},
	author={autor, Nombre},
	year={2000},
	publisher={Editorial}
}
@inproceedings{codigo_de_procc,
	title={\href{https://google.com}{título de conferencia}},
	author={autor1 and autor2 and autor3},
	booktitle={nombre Conferencia},
	volume={4},
	pages={3968--3973},
	year={2004},
	organization={Organización}
}

@article{codigo_de_articulo,
	title={\href{https://google.com}{título de articulo}},
	author={autor1 and autor2 and autor3},
	journal={journal name},
	volume={20},
	number={6},
	pages={3257--3263},
	year={2015},
	publisher={publishername}
}
@incollection{codigo_de_incollection,
	title={\href{https://google.com}{título de sección de libro}},
	author={J. Peng and S. Akella},
	booktitle={Algorithmic Foundations of Robotics V},
	pages={221--237},
	year={2004},
	publisher={Springer}
}
@phdthesis{codigo_de_tesis,
	title={\href{https://google.com}{título de tesis}},
	author={M. West},
	year={2004},
	school={California Institute of Technology}
}
@Misc{codigo_misc,
	author       = {{The Neuroscience and Robotics Lab, Northwestern University}},
	title        = {Trep: Mechanical simulation and optimal control},
	howpublished = {\href{http://murpheylab.github.io/trep}{http://murpheylab.github.io/trep}},
	year         = {2016}
}


% Fin tipos de prueba

@article{garg_09,
	author = {Garg, Divya and Patterson, Michael and Hager, William and Rao, Anil and Benson, David and Huntington, Geoffrey},
	year = {2009},
	month = {01},
	pages = {},
	title = {An overview of three pseudospectral methods for the numerical solution of optimal control problems},
	volume = {135},
	journal = {Advances in the Astronautical Sciences}
}
@misc{ross_02,
	title = {Exploiting Higher-order Derivatives in Computational Optimal Control},
	author = {Ross, I. Michael and Rea, Jeremy and Fahroo, Fariba},
	year = {2002},
	URL = {https://calhoun.nps.edu/handle/10945/29655},
	publisher = {Calhoun}
}
